@inproceedings{gao2017containerleaks,
  title={ContainerLeaks: emerging security threats of information leakages in container clouds},
  author={Gao, Xing and Gu, Zhongshu and Kayaalp, Mehmet and Pendarakis, Dimitrios and Wang, Haining},
  booktitle={Dependable Systems and Networks (DSN), 2017 47th Annual IEEE/IFIP International Conference on},
  pages={237--248},
  year={2017},
  organization={IEEE}
}


